@BOOK{hello,
  title={Hello, Android: introducing Google's mobile development platform},
  author={Burnette, Ed},
  year={2010},
  publisher={Pragmatic Bookshelf},
  edition=3
}

@MISC{devServices,
  title = {{Services: Sending Notifications to the User}},
  howpublished = {\url{http://developer.android.com/guide/components/services.html#Notifications}},
  note = {Accessed on 29 Aug 2013}
}

@PHDTHESIS{REST,
author = {Fielding, Roy Thomas},
school = {UC Irvine},
title = {{Architectural Styles and the Design of Network-based Software Architectures}},
type = {PhD Thesis},

year = {2000}
}

@MISC{RFC2616,
  author = {R. Fielding and J. Gettys and J. Mogul and H. Frystyk and L. Masinter and P. Leach and T. Berners-Lee},
  title = {{Hypertext Transfer Protocol -- HTTP/1.1}},
  howpublished = {RFC 2616},
  year = {1999},
  url = {http://tools.ietf.org/html/rfc2616}
}

@INPROCEEDINGS{WoTarch,
  author = {Dominique Guinard and Vlad Trifa and Erik Wilde},
  title = {{A Resource Oriented Architecture for the Web of Things}},
  booktitle = {Proc. IoT},
  year = {2010},
  address = {Tokyo, Japan}
}


% nico, references 
@MISC{androidAsyncTask,
  title = {{Android AsyncTask}},
  howpublished = {\url{http://developer.android.com/reference/android/os/AsyncTask.html}},
  note = {Accessed on 10 Nov 2013}
}


% nico, references 
@MISC{androidHandler,
  title = {{Handler object in Android}},
  howpublished = {\url{http://developer.android.com/reference/android/os/Handler.html}},
  note = {Accessed on 10 Nov 2013}
}

@MISC{lamport,
  title = {{Lamport timestamps}},
  howpublished = {\url{http://en.wikipedia.org/wiki/Lamport_timestamps}},
  note = {Accessed on 10 Nov 2013}
}

@MISC{vector_clocks,
  title = {{Vector clocks}},
  howpublished = {\url{http://en.wikipedia.org/wiki/Vector_clock}},
  note = {Accessed on 10 Nov 2013}
}